@book{langsci-current-book, author = {It wasn't me!}, title = {{Statistical Inference for Everybody and a Linguist}}, year = {2025}, series = {Textbooks in Language Sciences}, number = {}, location = {Berlin}, publisher = {Language Science Press}, options = {dataonly=true} } 
