%% This BibTeX bibliography file was created using BibDesk.
%% https://bibdesk.sourceforge.io/

%% Created for Roland at 2025-02-25 17:11:35 +0100


%% Saved with string encoding Unicode (UTF-8)



@article{Biber1993,
	author = {Biber, Douglas},
	journal = {Literary and Linguistic Computing},
	number = {4},
	pages = {243--257},
	title = {Representativeness in corpus design},
	volume = {8},
	year = {1993}}

@book{Eisenberg2020a,
	address = {Stuttgart},
	author = {Peter Eisenberg},
	edition = {5},
	publisher = {Metzler},
	title = {{Grundriss} der deutschen {Grammatik}: {Das} {Wort}},
	year = {2020}}

@article{Gries2022,
	author = {{Stefan Th.} Gries},
	date-added = {2025-02-09 16:31:44 +0100},
	date-modified = {2025-02-09 16:31:44 +0100},
	journal = {Journal of Second Language Studies},
	number = {1},
	pages = {1--33},
	title = {What do (some of) our association measures measure (most)? Association?},
	volume = {5},
	year = {2022}}

@article{Gries2015b,
	author = {{Stefan Th.} Gries},
	date-added = {2025-02-09 16:31:37 +0100},
	date-modified = {2025-02-09 16:35:02 +0100},
	journal = {Cognitive Linguistics},
	number = {3},
	pages = {505--536},
	title = {More (old and new) misunderstandings of collostructional analysis: on {Schmid} and {K{\"u}chenhoff} (2013)},
	volume = {26},
	year = {2015},
	bdsk-url-1 = {https://doi.org/10.1515/cog-2014-0092}}

@incollection{Gries2014a,
	address = {Amsterdam},
	author = {{Stefan Th.} Gries},
	booktitle = {Theory and Data in Cognitive Linguistics},
	date-added = {2025-02-09 16:31:30 +0100},
	date-modified = {2025-02-09 16:31:30 +0100},
	editor = {{Nikolas B.} Gisborne and Willem Hollmann},
	pages = {15--48},
	publisher = {Benjamins},
	title = {Frequencies, probabilities, and association measures in usage-\slash exemplar-based linguistics -- some necessary clarifications},
	year = {2014}}

@book{CarseyHarden2014,
	address = {Thousand Oaks},
	author = {Thomas M. Carsey and Jeffrey J. Harden},
	date-added = {2025-02-09 16:31:18 +0100},
	date-modified = {2025-02-09 16:34:05 +0100},
	publisher = {Sage Publications},
	title = {{Monte} {Carlo} Simulation and Resampling Methods for Social Science},
	year = {2014},
	bdsk-url-1 = {http://dx.doi.org/10.4135/9781483319605},
	bdsk-url-2 = {https://dx.doi.org/10.4135/9781483319605}}

@book{VasishthBroe2011,
	address = {Berlin},
	author = {Shravan Vasishth and Michael Broe},
	date-added = {2025-02-09 16:31:10 +0100},
	date-modified = {2025-02-09 16:35:19 +0100},
	publisher = {Springer},
	title = {The Foundations of Statistics: A Simulation-based Approach},
	year = {2011},
	bdsk-url-1 = {http://dx.doi.org/10.1007/978-3-642-16313-5},
	bdsk-url-2 = {https://dx.doi.org/10.1007/978-3-642-16313-5}}

@incollection{Evert2008,
	address = {Berlin},
	author = {Stefan Evert},
	booktitle = {Corpus Linguistics: An International Handbook},
	date-added = {2025-02-09 16:30:59 +0100},
	date-modified = {2025-02-09 16:35:24 +0100},
	editor = {Anke L{\"u}deling and Maria Kyt{\"o}},
	pages = {1212--1248},
	publisher = {Mouton},
	title = {Corpora and collocations},
	volume = {2},
	year = {2008},
	bdsk-url-1 = {http://dx.doi.org/10.1515/9783110213881.2.1212},
	bdsk-url-2 = {https://dx.doi.org/10.1515/9783110213881.2.1212}}

@article{StefanowitschGries2003,
	author = {Anatol Stefanowitsch and {Stefan Th.} Gries},
	date-added = {2025-02-09 16:30:47 +0100},
	date-modified = {2025-02-09 16:35:30 +0100},
	journal = {International Journal of Corpus Linguistics},
	number = {2},
	pages = {209--243},
	title = {Collostructions: Investigating the interaction between words and constructions.},
	volume = {8},
	year = {2003},
	bdsk-url-1 = {http://ezb.uni-regensburg.de/?2029700&bibid=SUBGO},
	bdsk-url-2 = {http://dx.doi.org/10.1075/ijcl.8.2.03ste},
	bdsk-url-3 = {https://dx.doi.org/10.1075/ijcl.8.2.03ste}}

@article{Senn2011,
	author = {Stepen J. Senn},
	date-added = {2025-02-09 16:30:32 +0100},
	date-modified = {2025-02-09 16:35:14 +0100},
	journal = {Rationality, Markets, and Morals},
	pages = {48--66},
	title = {You May Believe You Are a {Bayesian} But You Are Probably Wrong},
	volume = {2},
	year = {2011},
	bdsk-url-1 = {http://dx.doi.org/10.1002/ss.20167},
	bdsk-url-2 = {https://dx.doi.org/10.1002/ss.20167}}

@book{Fisher1935a,
	address = {London},
	author = {Ronald A. Fisher},
	date-added = {2025-02-09 16:30:22 +0100},
	date-modified = {2025-02-09 16:30:22 +0100},
	publisher = {Macmillan},
	title = {The Design of Experiments},
	year = {1935}}

@article{SchmidKuechenhoff2013,
	author = {Hans-J{\"o}rg Schmid and Helmut K{\"u}chenhoff},
	date-added = {2025-02-09 16:30:15 +0100},
	date-modified = {2025-02-09 16:35:10 +0100},
	journal = {Cognitive Linguistics},
	number = {3},
	pages = {531--577},
	title = {Collostructional analysis and other ways of measuring lexicogrammatical attraction: Theoretical premises, practical problems and cognitive underpinnings},
	volume = {24},
	year = {2013},
	bdsk-url-1 = {http://dx.doi.org/10.1515/cog-2013-0018},
	bdsk-url-2 = {https://dx.doi.org/10.1515/cog-2013-0018}}

@article{KuechenhoffSchmid2015,
	author = {Helmut K{\"u}chenhoff and Hans-J{\"o}rg Schmid},
	date-added = {2025-02-09 16:30:15 +0100},
	date-modified = {2025-02-09 16:35:07 +0100},
	journal = {Cognitive Linguistics},
	number = {3},
	pages = {537--547},
	title = {Reply to ``{More} (old and new) misunderstandings of collostructional analysis: on {Schmid} \& {K{\"u}chenhoff}'' by {Stefan Th.} {Gries}},
	volume = {26},
	year = {2015},
	bdsk-url-1 = {https://doi.org/10.1515/cog-2015-0053}}

@book{Chalmers2013,
	address = {Maidenhead},
	author = {Alan Chalmers},
	date-added = {2017-09-04 21:18:55 +0000},
	date-modified = {2017-09-04 21:18:55 +0000},
	edition = {4},
	owner = {user},
	publisher = {McGraw Hill},
	timestamp = {2014.04.21},
	title = {What is this thing called science},
	year = {2013}}

@book{ZuurEa2009,
	address = {Berlin etc.},
	author = {Zuur, Alain F. and Ieno, Elena N. and Walker, Neil and Saveliev, Anatoly A. and Smith, Graham M.},
	date-added = {2017-09-04 17:41:49 +0000},
	date-modified = {2017-09-04 17:41:49 +0000},
	owner = {user},
	publisher = {Springer},
	timestamp = {2013.03.10},
	title = {Mixed Effects Models and Extensions in Ecology with {R}},
	year = {2009}}

@book{Fox2016,
	address = {London},
	author = {John Fox},
	date-added = {2017-09-04 17:41:15 +0000},
	date-modified = {2017-09-04 17:41:15 +0000},
	edition = {3},
	publisher = {Sage Publications},
	title = {Applied Regression Analysis \& Generalized Linear Models},
	year = {2016}}

@book{FahrmeirEa2013,
	address = {Berlin etc.},
	author = {Ludwig Fahrmeir and Thomas Kneib and Stefan Lang and Brian Marx},
	date-added = {2017-09-04 17:40:58 +0000},
	date-modified = {2017-09-04 21:07:46 +0000},
	owner = {user},
	publisher = {Springer},
	timestamp = {2014.05.28},
	title = {Regression -- Models, Methods, and Application},
	year = {2013}}

@book{GelmanEa2014,
	address = {Boca Raton},
	author = {Andrew Gelman and John B. Carlin and Hal S. Stern and David B. Dunson and Aki Vehtari and Donald B. Rubin},
	date-added = {2017-09-04 15:21:31 +0000},
	date-modified = {2017-09-04 15:21:31 +0000},
	edition = {3},
	publisher = {Chapman \& Hall},
	title = {Bayesian data analysis},
	year = {2014}}

@article{GelmanShalizi2013,
	author = {Andrew Gelman and Cosma Rohilla Shalizi},
	date-added = {2017-09-04 15:21:31 +0000},
	date-modified = {2017-09-04 15:21:31 +0000},
	journal = {British Journal of Mathematical and Statistical Psychology},
	pages = {8--38},
	title = {Philosophy and the practice of {B}ayesian statistics},
	volume = {66},
	year = {2013}}

@article{Mayo2013,
	author = {Deborah G. Mayo},
	date-added = {2017-09-04 15:21:31 +0000},
	date-modified = {2017-09-04 15:21:31 +0000},
	journal = {British Journal of Mathematical and Statistical Psychology},
	pages = {57--64},
	title = {The error-statistical philosophy and the practice of {B}ayesian statistics: Comments on {G}elman and {S}halizi: `{P}hilosophy and the practice of {B}ayesian statistics'},
	volume = {66},
	year = {2013}}

@book{GelmanHill2006,
	address = {Cambridge},
	author = {Andrew Gelman and Jennifer Hill},
	date-added = {2017-09-04 15:21:31 +0000},
	date-modified = {2017-09-04 15:21:31 +0000},
	publisher = {Cambridge University Press},
	title = {Data Analysis Using Regression and Multilevel\slash Hierarchical Models},
	year = {2006}}

@article{MacDonaldGardner2000,
	author = {Paul L. MacDonald and Robert C. Gardner},
	date-added = {2017-09-04 15:21:19 +0000},
	date-modified = {2017-09-04 15:21:19 +0000},
	journal = {Educational and Psychological Measurement},
	number = {5},
	pages = {735--754},
	title = {Type {I} Error Rate Comparisons of Post Hoc Procedures for {I}x{J} Chi-Square Tables},
	volume = {60},
	year = {2000}}

@book{Mayo2018,
	address = {Cambridge},
	author = {Deborah G. Mayo},
	publisher = {{C}ambridge {U}niversity {P}ress},
	title = {Statistical Inference as Severe Testing: How to Get Beyond the Statistics Wars},
	year = {2018}}
